@inproceedings{abbeel2004apprenticeship,
  title={Apprenticeship learning via inverse reinforcement learning},
  author={Abbeel, Pieter and Ng, Andrew Y},
  booktitle={Proceedings of the twenty-first international conference on Machine learning},
  pages={1},
  year={2004},
  organization={ACM}
}

@article{armstrong2016racing,
  title={Racing to the precipice: a model of artificial intelligence development},
  author={Armstrong, Stuart and Bostrom, Nick and Shulman, Carl},
  journal={AI \& SOCIETY},
  volume={31},
  number={2},
  pages={201--206},
  year={2016},
  publisher={Springer}
}

@article{baum2016promotion,
  title={On the promotion of safe and socially beneficial artificial intelligence},
  author={Baum, Seth D},
  journal={AI \& SOCIETY},
  pages={1--9},
  year={2016},
  publisher={Springer}
}


@book{bostrom2014superintelligence,
  title={Superintelligence: Paths, dangers, strategies},
  author={Bostrom, Nick},
  year={2014},
  publisher={OUP Oxford}
}


@article{critch2016parametric,
  title={Parametric Bounded Lob's Theorem and Robust Cooperation of Bounded Agents},
  author={Critch, Andrew},
  journal={arXiv preprint arXiv:1602.04184},
  year={2016}
}

@book{darwiche2009modeling,
  title={Modeling and reasoning with Bayesian networks (Chapter 4)},
  author={Darwiche, Adnan},
  year={2009},
  publisher={Cambridge University Press}
}

@article{garrabrant2016logical,
  title={Logical Induction},
  author={Garrabrant, Scott and Benson-Tilsen, Tsvi and Critch, Andrew and Soares, Nate and Taylor, Jessica},
  journal={arXiv preprint arXiv:1609.03543},
  year={2016}
}


@inproceedings{fallenstein2015reflective,
  title={Reflective variants of Solomonoff induction and AIXI},
  author={Fallenstein, Benja and Soares, Nate and Taylor, Jessica},
  booktitle={International Conference on Artificial General Intelligence},
  pages={60--69},
  year={2015},
  organization={Springer}
}


@incollection{harsanyi1980cardinal,
  title={Cardinal welfare, individualistic ethics, and interpersonal comparisons of utility},
  author={Harsanyi, John C},
  booktitle={Essays on Ethics, Social Behavior, and Scientific Explanation},
  pages={6--23},
  year={1980},
  publisher={Springer}
}


@misc{hadfield2016cooperative,
  title={Cooperative Inverse Reinforcement Learning},
  author={Hadfield-Menell, Dylan and Dragan, Anca and Abbeel, Pieter and Russell, Stuart},
  year={2016},
  publisher={Submission}
}


@article{hurwicz1972informationally,
  title={On informationally decentralized systems},
  author={Hurwicz, Leonid},
  journal={Decision and organization},
  year={1972},
  publisher={North-Holland Amsterdam}
}


@misc{hutter2003gentle,
  title={A Gentle Introduction to The Universal Algorithmic Agent $\{$AIXI$\}$},
  author={Hutter, Marcus},
  journal={Artificial General Intelligence},
  year={2003},
  publisher={Citeseer}
}


@article{myerson1983efficient,
  title={Efficient mechanisms for bilateral trading},
  author={Myerson, Roger B and Satterthwaite, Mark A},
  journal={Journal of economic theory},
  volume={29},
  number={2},
  pages={265--281},
  year={1983},
  publisher={Elsevier}
}


@article{myerson1979incentive,
  title={Incentive compatibility and the bargaining problem},
  author={Myerson, Roger B},
  journal={Econometrica: journal of the Econometric Society},
  pages={61--73},
  year={1979},
  publisher={JSTOR}
}


@book{myerson2013game,
  title={Game theory},
  author={Myerson, Roger B},
  year={2013},
  publisher={Harvard university press}
}


@article{nash1950bargaining,
  title={The bargaining problem},
  author={Nash, John F},
  journal={Econometrica: Journal of the Econometric Society},
  pages={155--162},
  year={1950},
  publisher={JSTOR}
}


@inproceedings{ng2000algorithms,
  title={Algorithms for inverse reinforcement learning.},
  author={Ng, Andrew Y and Russell, Stuart J and others},
  booktitle={Icml},
  pages={663--670},
  year={2000}
}


@inproceedings{orseau2012space,
  title={Space-Time embedded intelligence},
  author={Orseau, Laurent and Ring, Mark},
  booktitle={International Conference on Artificial General Intelligence},
  pages={209--218},
  year={2012},
  organization={Springer}
}


@book{pearl2009causality,
  title={Causality},
  author={Pearl, Judea},
  year={2009},
  publisher={Cambridge university press}
}

@book{russell2003artificial,
  title={Artificial intelligence: a modern approach (Chapter 17.1)},
  author={Russell, Stuart and Norvig, Peter and Canny, John F and Malik, Jitendra M and Edwards, Douglas D},
  volume={2},
  year={2003},
  publisher={Prentice hall Upper Saddle River}
}


@inproceedings{russell1998learning,
  title={Learning agents for uncertain environments},
  author={Russell, Stuart},
  booktitle={Proceedings of the eleventh annual conference on Computational learning theory},
  pages={101--103},
  year={1998},
  organization={ACM}
}


@techreport{taylor2016alignment,
  title={Alignment for Advanced Machine Learning Systems},
  author={Taylor, Jessica and Yudkowsky, Eliezer and LaVictoire, Patrick and Critch, Andrew},
  year={2016},
  institution={Technical Report 20161, MIRI}
}

@article{soares2015toward,
  title={Toward idealized decision theory},
  author={Soares, Nate and Fallenstein, Benja},
  journal={arXiv preprint arXiv:1507.01986},
  year={2015}
}




@inproceedings{gabor1998multi,
  title={Multi-criteria Reinforcement Learning.},
  author={G{\'a}bor, Zolt{\'a}n and Kalm{\'a}r, Zsolt and Szepesv{\'a}ri, Csaba},
  booktitle={ICML},
  volume={98},
  pages={197--205},
  year={1998}
}

@article{haimes2015sequential,
  title={Sequential Pareto-Optimal Decisions Made During Emergent Complex Systems of Systems: An Application to the FAA NextGen},
  author={Haimes, Yacov Y and Anderegg, Alfred},
  journal={Systems Engineering},
  volume={18},
  number={1},
  pages={28--44},
  year={2015},
  publisher={Wiley Online Library}
}

@article{oliehoek2008optimal,
  title={Optimal and Approximate Q-value Functions for Decentralized POMDPs.},
  author={Oliehoek, Frans A and Spaan, Matthijs TJ and Vlassis, Nikos A and others},
  journal={J. Artif. Intell. Res.(JAIR)},
  volume={32},
  pages={289--353},
  year={2008}
}

@incollection{oliehoek2012decentralized,
  title={Decentralized POMDPs},
  author={Oliehoek, Frans A},
  booktitle={Reinforcement Learning},
  pages={471--503},
  year={2012},
  publisher={Springer}
}

@inproceedings{roijers2015point,
  title={Point-based planning for multi-objective POMDPs},
  author={Roijers, Diederik M and Whiteson, Shimon and Oliehoek, Frans A},
  booktitle={IJCAI 2015: Proceedings of the Twenty-Fourth International Joint Conference on Artificial Intelligence},
  pages={1666--1672},
  year={2015}
}


@book{shoham2008multiagent,
  title={Multiagent systems: Algorithmic, game-theoretic, and logical foundations},
  author={Shoham, Yoav and Leyton-Brown, Kevin},
  year={2008},
  publisher={Cambridge University Press}
}

@inproceedings{soh2011evolving,
  title={Evolving policies for multi-reward partially observable Markov decision processes (MR-POMDPs)},
  author={Soh, Harold and Demiris, Yiannis},
  booktitle={Proceedings of the 13th annual conference on Genetic and evolutionary computation},
  pages={713--720},
  year={2011},
  organization={ACM}
}

@book{tzeng2011multiple,
  title={Multiple attribute decision making: methods and applications},
  author={Tzeng, Gwo-Hshiung and Huang, Jih-Jeng},
  year={2011},
  publisher={CRC press}
}

@phdthesis{wang2014multi,
  title={Multi-objective sequential decision making},
  author={Wang, Weijia},
  year={2014},
  school={Universit{\'e} Paris Sud-Paris XI}
}


@inproceedings{wray2015multi,
  title={Multi-objective POMDPs with lexicographic reward preferences},
  author={Wray, Kyle Hollins and Zilberstein, Shlomo},
  booktitle={Proceedings of the 24th International Joint Conference of Artificial Intelligence (IJCAI)},
  pages={1719--1725},
  year={2015}
}

@inproceedings{zhang2014fairness,
  title={Fairness in multi-agent sequential decision-making},
  author={Zhang, Chongjie and Shah, Julie A},
  booktitle={Advances in Neural Information Processing Systems},
  pages={2636--2644},
  year={2014}
}